012345678902026021920260219202602190001100CIELO03I                    01503S                                                                                                                                                                              
E123456789000700400000000004901027058000191145525580001942026-02-20003120020000324612000000000000000000000000000000000           2026021801077952119          NNN3NNN00000000000000000000000000                                        000000000000000+0000000000000-0000000023845-0000000023845+0000000000000+0000000000000+0000000000000+0000000000000+0000000000000+0000000000000+0000000000000+0000000000000+0000000000000+0000000000000+0000000000000+0000000000000+000000000000000000000000000000000000000000000000000000000000000000000000100000000039980000000049000000000000180220261802202618022026180220260000000                         20022026123456789000NNN000000000000000000000000000000                       S0000000000000000                                      
900000000001-0000000000002384500000000001-00000000000023845-00000000000023845-00000000000000000                                                                                                                                                           
