010282371272019010120190101201901010007447CIELO03IEC2040              013                                                                                                                                                                                 
11028237127418123101/0401181231190130000000+0000000003501-0000000000088+0000000000000+00000000034130237005110000000075260600000001  000000 181231  0000000000000 000000000+00000000000000031812310128802680000000025000000000001527931030831028237127NN   
210282371274181231   377169******200120181231+00000000035010104   602426                    43003300000000000001600000000139980000000003499000000000000152793103                      14202318123101288026800000000002000S05836506434893541000000000000000
11028237127418123102/0401181231190306000000+0000000003499-0000000000087+0000000000000+00000000034120237005110000000075260600000000  000000 181231  0000000000000 000000000+00000000000000031812310128802680000000025000000000001527931030831028237127NN   
11028237127418123103/0401181231190401000000+0000000003499-0000000000087+0000000000000+00000000034120237005110000000075260600000000  000000 181231  0000000000000 000000000+00000000000000031812310128802680000000025000000000001527931030831028237127NN   
11028237127418123104/0401181231190430000000+0000000003499-0000000000087+0000000000000+00000000034120237005110000000075260600000000  000000 181231  0000000000000 000000000+00000000000000031812310128802680000000025000000000001527931030831028237127NN   
110282371270181231     01181231190131000000+0000000014997-0000000000277+0000000000000+00000000147200237005110000752606    0000000340000000 181231  0000000000000 000000000+00000000000000011836512101391970000000018500000000001527931030401028237127N    
210282371270181231479395******679000020181231+00000000049990000   571094                    43001200000000000001600000000000000000000000000000000000000152793103                      10434718365121013919700000000001000 05                              
210282371270181231470598******040900020181231+00000000019990000   045896                    43001300000000000001600000000000000000000000000000000000000152793103                      11013118365121013919700000000002000 05                              
210282371270181231498406******648700020181231+00000000079990000   026996                    43002200000000000001600000000000000000000000000000000000000152793103                      13091218365121013919700000000003000 05                              
110282371270181231     01181231190131000000+0000000009497-0000000000176+0000000000000+00000000093210237005110000752606    0000000240000000 181231  0000000000000 000000000+00000000000000011836512101391980000000018500000000001783440090401028237127N    
210282371270181231459384******639200020181231+00000000034990000   665843                    14717900000000000001600000000000000000000000000000000000000078344009                      09305118365121013919800000000001000 05                              
210282371270181231415275******713600020181231+00000000059980000   012426                    14719900000000000001600000000000000000000000000000000000000178344009                      11471818365121013919800000000002000 05                              
11028237127418123101/0301181231190131000000+0000000003666-0000000000073+0000000000000+00000000035930237005110000752606    0000000143000000 181231  0000000000000 000000000+00000000000000011836512101391990000000019800000000001527931030431028237127N    
210282371274181231459313******677200020181231+00000000036660103   020208                    43001400000000000001600000000109980000000003666000000000000252793103                      11070918365121013919900000000001000 05                              
11028237127418123102/0301181231190306000000+0000000003666-0000000000073+0000000000000+00000000035930237005110000752606    0000000043000000 181231  0000000000000 000000000+00000000000000011836512101391990000000019800000000001527931030431028237127N    
11028237127418123103/0301181231190401000000+0000000003666-0000000000073+0000000000000+00000000035930237005110000752606    0000000043000000 181231  0000000000000 000000000+00000000000000011836512101391990000000019800000000001527931030431028237127N    
11028237127418123101/0301181231190131000000+0000000056828-0000000001124+0000000000000+00000000557040237005110000752606    0000000843000000 181231  0000000000000 000000000+00000000000000011836512101392000000000019800000000001783440090431028237127N    
210282371274181231498423******660200020181231+00000000034990102   083475                    14717800000000000001600000000069980000000003499000000000000178344009                      09300818365121013920000000000001000 05                              
210282371274181231498442******898500020181231+00000000053330103   030183                    14718100000000000001600000000159990000000005333000000000000178344009                      09504918365121013920000000000002000 05                              
210282371274181231406655******223000020181231+00000000033330103   611204                    14718300000000000001600000000099990000000003333000000000000178344009                      10111118365121013920000000000003000 05                              
210282371274181231498442******770300020181231+00000000040000102   065628                    14718700000000000001600000000079990000000003999000000000000178344009                      10390518365121013920000000000004000 05                              
210282371274181231439354******710600020181231+00000000066670103   028513                    14718900000000000001600000000199990000000006666000000000000178344009                      10573518365121013920000000000005000 05                              
210282371274181231498442******486500020181231+00000000030000102   064666                    14719100000000000001600000000059990000000002999000000000000178344009                      11082318365121013920000000000006000 05                              
210282371274181231498407******595700020181231+00000000134980102   081671                    14719200000000000001600000000269960000000013498000000000000178344009                      11130518365121013920000000000007000 05                              
210282371274181231498407******837700020181231+00000000174980102   742103                    14720000000000000001600000000349950000000017497000000000000178344009                      11545718365121013920000000000008000 05                              
11028237127418123102/0301181231190306000000+0000000056824-0000000001124+0000000000000+00000000557000237005110000752606    0000000043000000 181231  0000000000000 000000000+00000000000000011836512101392000000000019800000000001783440090431028237127N    
11028237127418123103/0301181231190401000000+0000000015332-0000000000304+0000000000000+00000000150280237005110000752606    0000000043000000 181231  0000000000000 000000000+00000000000000011836512101392000000000019800000000001783440090431028237127N    
11028237127418123101/0501181231190131000000+0000000006601-0000000000131+0000000000000+00000000064700237005110000752606    0000000143000000 181231  0000000000000 000000000+00000000000000011836512101392010000000019800000000001783440090431028237127N    
210282371274181231453211******843200020181231+00000000066010105   665821                    14719000000000000001600000000329930000000006598000000000000178344009                      11065718365121013920100000000001000 05                              
11028237127418123102/0501181231190306000000+0000000006598-0000000000131+0000000000000+00000000064670237005110000752606    0000000043000000 181231  0000000000000 000000000+00000000000000011836512101392010000000019800000000001783440090431028237127N    
11028237127418123103/0501181231190401000000+0000000006598-0000000000131+0000000000000+00000000064670237005110000752606    0000000043000000 181231  0000000000000 000000000+00000000000000011836512101392010000000019800000000001783440090431028237127N    
11028237127418123104/0501181231190502000000+0000000006598-0000000000131+0000000000000+00000000064670237005110000752606    0000000043000000 181231  0000000000000 000000000+00000000000000011836512101392010000000019800000000001783440090431028237127N    
11028237127418123105/0501181231190531000000+0000000006598-0000000000131+0000000000000+00000000064670237005110000752606    0000000043000000 181231  0000000000000 000000000+00000000000000011836512101392010000000019800000000001783440090431028237127N    
11028237127418123101/0201181231190131000000+0000000006999-0000000000139+0000000000000+00000000068600237005110000752606    0000000143000000 181231  0000000000000 000000000+00000000000000011836512200760100000000019800000000001527931030431028237127N    
210282371274181231489391******726000020181231+00000000069990102   084279                    43003200000000000001600000000139980000000006999000000000000152793103                      13582918365122007601000000000001000 05                              
11028237127418123102/0201181231190306000000+0000000006999-0000000000139+0000000000000+00000000068600237005110000752606    0000000043000000 181231  0000000000000 000000000+00000000000000011836512200760100000000019800000000001527931030431028237127N    
110282371275181231     01181231190102000000+0000000010997-0000000000119+0000000000000+00000000108780237005110000752606    0000000341000000 181231  0000000000000 000000000+00000000000000011836511201248120000000010800000000001527931030411028237127N    
210282371275181231498407******121700020181231+00000000039990000   344701                    43001800000000000001600000000000000000000000000000000000000152793103                      12250118365112012481200000000001000 05                              
210282371275181231400178******314200020181231+00000000034990000   246996                    43002000000000000001600000000000000000000000000000000000000152793103                      13031618365112012481200000000002000 05                              
210282371275181231476608******210200020181231+00000000034990000   455019                    43003000000000000001600000000000000000000000000000000000000152793103                      13540318365112012481200000000003000 05                              
110282371275181231     01181231190102000000+0000000053494-0000000000579+0000000000000+00000000529150237005110000752606    0000000541000000 181231  0000000000000 000000000+00000000000000011836511201248130000000010800000000001783440090411028237127N    
210282371275181231483042******010300020181231+00000000010000000   452373                    14718200000000000001600000000000000000000000000000000000000078344009                      09531618365112012481300000000001000 05                              
210282371275181231483042******810300020181231+00000000259970000   453520                    14718500000000000001600000000000000000000000000000000000000078344009                      10315618365112012481300000000002000 05                              
210282371275181231498430******168900020181231+00000000159990000   639209                    14718800000000000001600000000000000000000000000000000000000178344009                      10532918365112012481300000000003000 05                              
210282371275181231498453******638600020181231+00000000069990000   241844                    14719600000000000001600000000000000000000000000000000000000178344009                      11372418365112012481300000000004000 05                              
210282371275181231409693******974800020181231+00000000034990000   454421                    14720400000000000001600000000000000000000000000000000000000178344009                      12230618365112012481300000000005000 05                              
110282371270181231     01181231190131000000+0000000006998-0000000000129+0000000000000+00000000068690237005110000752606    0000000210000000 181231  0000000000000 000000000+00000000000000021836551402219830000000018500000000001527931030101028237127N    
210282371270181231544731******113900020181231+00000000039990000   190066                    43001700000000000001600000000000000000000000000000000000000152793103                      12185918365514022198300000000001000 05                              
210282371270181231514086******704000020181231+00000000029990000   056076                    43002100000000000001600000000000000000000000000000000000000152793103                      13043218365514022198300000000002000 05                              
110282371270181231     01181231190131000000+0000000026994-0000000000499+0000000000000+00000000264950237005110000752606    0000000410000000 181231  0000000000000 000000000+00000000000000021836551402219840000000018500000000001783440090101028237127N    
210282371270181231525631******914200020181231+00000000039990000   105857                    14719500000000000001600000000000000000000000000000000000000178344009                      11213418365514022198400000000001000 05                              
210282371270181231544300******381400020181231+00000000079990000   056419                    14719800000000000001600000000000000000000000000000000000000178344009                      11454018365514022198400000000002000 05                              
210282371270181231515601******036000020181231+00000000059990000   929515                    14720300000000000001600000000000000000000000000000000000000178344009                      12092418365514022198400000000003000 05                              
210282371270181231523284******259100020181231+00000000089970000   046237                    14720800000000000001600000000000000000000000000000000000000178344009                      12431818365514022198400000000004000 05                              
110282371270181231     01181231190131000000+0000000019997-0000000000370+0000000000000+00000000196270237005110000752606    0000000170000000 181231  0000000000000 000000000+00000000000000071836551402219850000000018500000000001783440090701028237127N    
210282371270181231506775******783500020181231+00000000199970000   019249                    14720600000000000001600000000000000000000000000000000000000178344009                      12275018365514022198500000000001000 05                              
11028237127418123101/0301181231190131000000+0000000011999-0000000000238+0000000000000+00000000117610237005110000752606    0000000312000000 181231  0000000000000 000000000+00000000000000021836551402219860000000019800000000001527931030121028237127N    
210282371274181231515590******561300020181231+00000000036660103   221655                    43002400000000000001600000000109980000000003666000000000000152793103                      13221618365514022198600000000001000 05                              
210282371274181231536233******665800020181231+00000000050000102   223782                    43002500000000000001600000000099990000000004999000000000000152793103                      13264118365514022198600000000002000 05                              
210282371274181231544731******224900020181231+00000000033330103   435573                    43002900000000000001600000000099990000000003333000000000000152793103                      13435418365514022198600000000003000 05                              
11028237127418123102/0301181231190306000000+0000000011998-0000000000238+0000000000000+00000000117600237005110000752606    0000000012000000 181231  0000000000000 000000000+00000000000000021836551402219860000000019800000000001527931030121028237127N    
11028237127418123103/0301181231190401000000+0000000006999-0000000000139+0000000000000+00000000068600237005110000752606    0000000012000000 181231  0000000000000 000000000+00000000000000021836551402219860000000019800000000001527931030121028237127N    
11028237127418123101/0201181231190131000000+0000000003999-0000000000079+0000000000000+00000000039200237005110000752606    0000000112000000 181231  0000000000000 000000000+00000000000000021836551402219870000000019800000000001783440090121028237127N    
210282371274181231541555******772300020181231+00000000039990102   086270                    14719700000000000001600000000079980000000003999000000000000178344009                      11413118365514022198700000000001000 05                              
11028237127418123102/0201181231190306000000+0000000003999-0000000000079+0000000000000+00000000039200237005110000752606    0000000012000000 181231  0000000000000 000000000+00000000000000021836551402219870000000019800000000001783440090121028237127N    
11028237127418123101/0501181231190131000000+0000000019300-0000000000382+0000000000000+00000000189180237005110000752606    0000000312000000 181231  0000000000000 000000000+00000000000000021836551402219880000000019800000000001527931030121028237127N    
210282371274181231516220******905800020181231+00000000083990105   FPNHFM                    43002600000000000001600000000419950000000008399000000000000152793103                      13314118365514022198800000000001000 05                              
210282371274181231516220******885100020181231+00000000073990105   LNDCK2                    43002700000000000001600000000369950000000007399000000000000152793103                      13334518365514022198800000000002000 05                              
210282371274181231530780******137100020181231+00000000035020104   076256                    43002800000000000001600000000139990000000003499000000000000152793103                      13402718365514022198800000000003000 05                              
11028237127418123102/0501181231190306000000+0000000019297-0000000000382+0000000000000+00000000189150237005110000752606    0000000012000000 181231  0000000000000 000000000+00000000000000021836551402219880000000019800000000001527931030121028237127N    
11028237127418123103/0501181231190401000000+0000000019297-0000000000382+0000000000000+00000000189150237005110000752606    0000000012000000 181231  0000000000000 000000000+00000000000000021836551402219880000000019800000000001527931030121028237127N    
11028237127418123104/0501181231190502000000+0000000019297-0000000000382+0000000000000+00000000189150237005110000752606    0000000012000000 181231  0000000000000 000000000+00000000000000021836551402219880000000019800000000001527931030121028237127N    
11028237127418123105/0501181231190531000000+0000000015798-0000000000313+0000000000000+00000000154850237005110000752606    0000000012000000 181231  0000000000000 000000000+00000000000000021836551402219880000000019800000000001527931030121028237127N    
11028237127418123101/0501181231190131000000+0000000009902-0000000000196+0000000000000+00000000097060237005110000752606    0000000212000000 181231  0000000000000 000000000+00000000000000021836551402219890000000019800000000001783440090121028237127N    
210282371274181231530780******517200020181231+00000000064000105   045535                    14718000000000000001600000000319960000000006399000000000000178344009                      09472518365514022198900000000001000 05                              
210282371274181231548262******706200020181231+00000000035020105   046776                    14720700000000000001600000000174980000000003499000000000000178344009                      12335318365514022198900000000002000 05                              
11028237127418123102/0501181231190306000000+0000000009898-0000000000196+0000000000000+00000000097020237005110000752606    0000000012000000 181231  0000000000000 000000000+00000000000000021836551402219890000000019800000000001783440090121028237127N    
11028237127418123103/0501181231190401000000+0000000009898-0000000000196+0000000000000+00000000097020237005110000752606    0000000012000000 181231  0000000000000 000000000+00000000000000021836551402219890000000019800000000001783440090121028237127N    
11028237127418123104/0501181231190502000000+0000000009898-0000000000196+0000000000000+00000000097020237005110000752606    0000000012000000 181231  0000000000000 000000000+00000000000000021836551402219890000000019800000000001783440090121028237127N    
11028237127418123105/0501181231190531000000+0000000009898-0000000000196+0000000000000+00000000097020237005110000752606    0000000012000000 181231  0000000000000 000000000+00000000000000021836551402219890000000019800000000001783440090121028237127N    
11028237127418123101/0501181231190131000000+0000000011402-0000000000226+0000000000000+00000000111760237005110000752606    0000000212000000 181231  0000000000000 000000000+00000000000000021836551501216060000000019800000000001527931030121028237127N    
210282371274181231510147******631200020181231+00000000050020104   622627                    43003400000000000001600000000199990000000004999000000000000152793103                      14222518365515012160600000000001000 05                              
210282371274181231524820******425100020181231+00000000064000105   022787                    43003500000000000001600000000319960000000006399000000000000152793103                      14320018365515012160600000000002000 05                              
11028237127418123102/0501181231190306000000+0000000011398-0000000000226+0000000000000+00000000111720237005110000752606    0000000012000000 181231  0000000000000 000000000+00000000000000021836551501216060000000019800000000001527931030121028237127N    
11028237127418123103/0501181231190401000000+0000000011398-0000000000226+0000000000000+00000000111720237005110000752606    0000000012000000 181231  0000000000000 000000000+00000000000000021836551501216060000000019800000000001527931030121028237127N    
11028237127418123104/0501181231190502000000+0000000011398-0000000000226+0000000000000+00000000111720237005110000752606    0000000012000000 181231  0000000000000 000000000+00000000000000021836551501216060000000019800000000001527931030121028237127N    
11028237127418123105/0501181231190531000000+0000000006399-0000000000127+0000000000000+00000000062720237005110000752606    0000000012000000 181231  0000000000000 000000000+00000000000000021836551501216060000000019800000000001527931030121028237127N    
110282371275181231     01181231190102000000+0000000018497-0000000000200+0000000000000+00000000182970237005110000752606    0000000311000000 181231  0000000000000 000000000+00000000000000021836550102419610000000010800000000001527931030111028237127N    
210282371275181231520132******623700020181231+00000000049990000   561560                    43001900000000000001600000000000000000000000000000000000000152793103                      12561418365501024196100000000001000 05                              
210282371275181231546479******043600020181231+00000000034990000   866591                    43002300000000000001600000000000000000000000000000000000000152793103                      13200618365501024196100000000002000 05                              
210282371275181231525663******298100020181231+00000000099990000   071610                    43003100000000000001600000000000000000000000000000000000000152793103                      13550418365501024196100000000003000 05                              
110282371275181231     01181231190102000000+0000000087990-0000000000951+0000000000000+00000000870390237005110000752606    0000000511000000 181231  0000000000000 000000000+00000000000000021836550102419620000000010800000000001783440090111028237127N    
210282371275181231589916******388900020181231+00000000319970000   778770                    14718400000000000001600000000000000000000000000000000000000178344009                      10235618365501024196200000000001000 05                              
210282371275181231554927******163700020181231+00000000159990000   639676                    14718600000000000001600000000000000000000000000000000000000178344009                      10340818365501024196200000000002000 05                              
210282371275181231524820******083200020181231+00000000099990000   846577                    14719400000000000001600000000000000000000000000000000000000178344009                      11161818365501024196200000000003000 05                              
210282371275181231589916******111100020181231+00000000029990000   900234                    14720100000000000001600000000000000000000000000000000000000178344009                      11560918365501024196200000000004000 05                              
210282371275181231589916******759900020181231+00000000269960000   903042                    14720200000000000001600000000000000000000000000000000000000178344009                      12002718365501024196200000000005000 05                              
110282371275181231     01181231190102000000+0000000017999-0000000000194+0000000000000+00000000178050237005110000752606    0000000171000000 181231  0000000000000 000000000+00000000000000071836550102419630000000010800000000001527931030711028237127N    
210282371275181231627780******163100020181231+00000000179990000   159677                    43001500000000000001600000000000000000000000000000000000000152793103                      12030018365501024196300000000001000 05                              
110282371275181231     01181231190102000000+0000000024996-0000000000270+0000000000000+00000000247260237005110000752606    0000000271000000 181231  0000000000000 000000000+00000000000000071836550102419640000000010800000000001783440090711028237127N    
210282371275181231627780******087700020181231+00000000149970000   625064                    14719300000000000001600000000000000000000000000000000000000178344009                      11145318365501024196400000000001000 05                              
210282371275181231627780******278000020181231+00000000099990000   863322                    14720500000000000001600000000000000000000000000000000000000178344009                      12252018365501024196400000000002000 05                              
900000000102+0000000000071445700000000054                                                                                                                                                                                                                 
