012345678902026030320260303202603030001112CIELO16I                    01502N                                                                                                                                                                              
8123456789001260302101803E9040088820260302131856721392001    656547260302+0000000020000-0000000000010+0000000019990000000000000000000000000000002603020000000100101438790260302101803                                        S0526030200656547S CIELO202603020000000000000000656547                                        E01027058202603022053glyBLqLT5uP                                                     
8123456789001260302111737E00360305202603021417db5ae9fc45d    809144260302+0000000113289-0000000000010+0000000113279000000000000000000000000000002603020000000100101438790260302111737                                        S0526030200809144S CIELO202603020000000000000000809144                                        E01027058202603022053glyBLqLT5uP                                                     
8123456789001260220115726E10573521202602201457oEor6KPIA2R    903989260302+0000000040000-0000000000010+0000000039990000000000000000000000000000002602200000000100101438790260220115726                                        S0526022000903989S CIELO202602200000000000000000903989                                        E01027058202603022224iyrKa2Bj1lb                                                     
8123456789001260220135950E00416968202602201659uqLtunuPUnB    126827260302+0000000040000-0000000000010+0000000039990000000000000000000000000000002602200000000100101438790260220135950                                        S0526022001268278S CIELO202602200000000000000001268278                                        E01027058202603022224iyrKa2Bj1lb                                                     
8123456789001260221074911E105735212026022110494CtazqAm95p    378101260302+0000000278508-0000000000010+0000000278498000000000000000000000000000002602210000000100101438790260221074911                                        S0526022100378101S CIELO202602210000000000000000378101                                        E01027058202603022224iyrKa2Bj1lb                                                     
8123456789001260221062638E18236120202602210926s030cc42d53    291634260302+0000000020000-0000000000010+0000000019990000000000000000000000000000002602210000000100101438790260221062638                                        S0526022100291634S CIELO202602210000000000000000291634                                        E01027058202603022224iyrKa2Bj1lb                                                     
8123456789001260221100051E689008102026022113001gazR8aBAvh    685956260302+0000000160576-0000000000010+0000000160566000000000000000000000000000002602210000000100101438711260221100051                                        S0526022100685956S CIELO202602210000000000000000685956                                        E01027058202603022224iyrKa2Bj1lb                                                     
8123456789001260221072749E87795639202602211028349lAaII9gu    348136260302+0000000097201-0000000000010+0000000097191000000000000000000000000000002602210000000100101438790260221072749                                        S0526022100348136S CIELO202602210000000000000000348136                                        E01027058202603022224iyrKa2Bj1lb                                                     
8123456789001260220143759E13935893202602201738Zo3W2gjKnL9    136610260302+0000000052257-0000000000010+0000000052247000000000000000000000000000002602200000000100101438790260220143759                                        S0526022001366104S CIELO202602200000000000000001366104                                        E01027058202603022224iyrKa2Bj1lb                                                     
8123456789001260221115943E13370835202602211500e9X32cSpIrR    109395260302+0000000010000-0000000000010+0000000009990000000000000000000000000000002602210000000100101438711260221115943                                        S0526022101093955S CIELO202602210000000000000001093955                                        E01027058202603022224iyrKa2Bj1lb                                                     
8123456789001260220044732E27126513202602200748DzTf1ftlGPi    170945260302+0000000078384-0000000000010+0000000078374000000000000000000000000000002602200000000100101438711260220044732                                        S0526022000170945S CIELO202602200000000000000000170945                                        E01027058202603022224iyrKa2Bj1lb                                                     
8123456789001260220074146E60701190202602201041DY5JCPRTES4    297564260302+0000000033500-0000000000010+0000000033490000000000000000000000000000002602200000000100101438790260220074146                                        S0526022000297564S CIELO202602200000000000000000297564                                        E01027058202603022224iyrKa2Bj1lb                                                     
8123456789001260220083502E10573521202602201135FCZDdN0VvDr    399539260302+0000000039192-0000000000010+0000000039182000000000000000000000000000002602200000000100101438711260220083502                                        S0526022000399539S CIELO202602200000000000000000399539                                        E01027058202603022224iyrKa2Bj1lb                                                     
8123456789001260220123054E689008102026022015335MRZzMHM6Dy    101042260302+0000000019971-0000000000010+0000000019961000000000000000000000000000002602200000000100101438790260220123054                                        S0526022001010429S CIELO202602200000000000000001010429                                        E01027058202603022224iyrKa2Bj1lb                                                     
8123456789001260302200816E78840071202603022308xVivdOsRf2j    237993260302+0000000020000-0000000000010+0000000019990000000000000000000000000000002603020000000100101438790260302200816                                        S0626030202379935S CIELO202603020000000000000002379935                                        E01027058202603030114GHStSdzsarQ                                                     
8123456789003260302200816E78840071202603022308xVivdOsRf2k    237993260302-0000000020000+0000000000010-0000000019990000000000000000000000000000002603020000000100101438790260302200816E78840071202603022308xVivdOsRf2j      23S0626030202379935S CIELO202603020000000000000002379935                                        E01027058202603030114GHStSdzsarQ                                                     
900000000016+0000000000100273800000000000+00000000001002878-00000000000000000-00000000000000000                                                                                                                                                           
