012345678902026022020260220202602200001101CIELO04I                    01503S                                                                                                                                                                              
D1234567890000000000000000000000000000000000000000000007004123456789010+0000000024580-0000000000735+00000000238450000000000000000000000000000000000014201027058000191000000000000002026-02-20003120021234567890000000000000000000000000000000000           42000000000000002002202601011001200220261234567890NNN00000000000000                                                                                  
E123456789000700400006804694201027058000191000000000000002026-02-20003120021234567890000000000000000000000000000000000           2509200320530008985       045NNN3NNN37378136917464380000000000                                        002990000000299+0000000024580+0000000024580+0000000023845-0000000000735+0000000000000+0000000000000+0000000000000+0000000000000+0000000000000+0000000000000+0000000000000+0000000000000+0000000000000+0000000000000+0000000000000+00000000000001128040000000000000000007526322536419575526322536419575               0010091141742003000000000200920252009202520092025200920250260120                         20022026123456789000NNN00000000000000000000000000000027380005263005372165475S0700000000000000                                      
D1234567890000000000000000000000000000000000000000000007004123456789010-0000000023845+0000000000000-00000000238450000000000000000000000000000000000014901027058000191000000000000002026-02-20003120021234567890000000000000000000000000000000000           49000000000000002002202601011001200220261234567890NNN00000000000000                                                                                  
E123456789000700400000000004901027058000191000000000000002026-02-20003120021234567890000000000000000000000000000000000           2026021801077952119          NNN3NNN00000000000000000000000000                                        000000000000000+0000000000000-0000000023845-0000000023845+0000000000000+0000000000000+0000000000000+0000000000000+0000000000000+0000000000000+0000000000000+0000000000000+0000000000000+0000000000000+0000000000000+0000000000000+000000000000000000000000000000000000000000000000000000000000000000000000100000000039980000000049000000000000180220261802202618022026180220260000000                         20022026123456789000NNN000000000000000000000000000000                       S0000000000000000                                      
900000000004+0000000000000000000000000002+00000000000000735-00000000000023845-00000000000000000                                                                                                                                                           
