012345678902026030420260304202603040001113CIELO16I                    01502N                                                                                                                                                                              
8123456789002260302200816E78840071202603022308xVivdOsRf2l    237993260303+0000000020000-0000000000010+0000000019990000000000000000000000000000002603020000000100101438790260302200816E78840071202603022308xVivdOsRf2j      24S0526030202379935S CIELO202603020000000000000002379935                                        E01027058202603030114GHStSdzsarQ                                                     
900000000001+0000000000001999000000000000+00000000000020000-00000000000000000-00000000000000000                                                                                                                                                           
