012345678902026021920260219202602190001100CIELO15I                    01503S                                                                                                                                                                              
A2602182602180000000000000000803250+0000000023845+00000000237930202602180107795211900300871                                                                                                                                                               
B26021826022000000000000000007004+0000000023845+000000002379300216                                             Cielo1234567890-0000000000052                                                                                                              
C00000000000000000000000000000+0000000023793                                                                                                                                                                                                              
900000000003+0000000000000000000000000000+00000000000000000+00000000000000000+00000000000023793                                                                                                                                                           
