012345678902026012120260121202601210001071CIELO03I                    015                                                                                                                                                                                 
E123456789000700400006804694201027058000191145525580001942026-02-20003120020000324612145525580001940000000000000000000           2509200320530008985       045NNNNNNN50675536917464380000000000                                        002990000000299+0000000024580+0000000024580+0000000023845-0000000000735+0000000000000+0000000000000+0000000000000+0000000000000+0000000000000+0000000000000+0000000000000+0000000000000+0000000000000+0000000000000+0000000000000+00000000000001128040000000000000000007526322536419575526322536419575               0010091141742000000000000200120262001202620012026200120260260120                         20022026123456789000NNN00000000000000000000000000000027380005263005372165475N0700000000000000                                      
900000000001+0000000000002384500000000001+00000000000024580-00000000000000000-00000000000000000                                                                                                                                                           
